@misc{naganokeikaku,
  title={長野市地域公共交通網形成計画},
  author={長野市},
  note={\url{https://www.city.nagano.nagano.jp/uploaded/attachment/124625.pdf}},
  year={2017}
}
@misc{senkoukenkyu,
  title={長野市のバス運行スケジュール多目的最適化による交通システム改善の検討},
  author={高橋和宏},
  note={卒業論文},
  year={2022}
}
@misc{sumo,
  title={SUMO Documentation},
  author={Simulation of Urban MObility},
  note={\url{https://sumo.dlr.de/docs/index.html}},
}
@misc{hv,
  title={Evolutionary algorithms for multiobjective optimization:methods and applications},
  author={E.Zitzler},
  year={1999}
}
@misc{walsh,
  title={A closed set of normal orthogonal functions},
  author={J.L.Walsh},
  note={American Journal of Mathematics, 45(1):5-24},
  year={1923}
}
@misc{mnk,
  title={Working principles, behavior, and performance of moeas on mnk-landscapes},
  author={H.E.Aguirre and K.Tanaka},
  note={European Journal of Operational Research, vol.181, no.3, pp.1670–1690},
  year={2007}
}